<?xml version="1.0" encoding="UTF-8"?><record xmlns="http://www.loc.gov/MARC21/slim" xmlns:cinclude="http://apache.org/cocoon/include/1.0" xmlns:zs="http://www.loc.gov/zing/srw/">
  <leader>00664cz  a2200157n  4500</leader>
  <controlfield tag="001">n  92016871 </controlfield>
  <controlfield tag="003">DLC</controlfield>
  <controlfield tag="005">20110806074947.0</controlfield>
  <controlfield tag="008">920214n| acannaab           |a aaa      </controlfield>
  <datafield tag="010" ind1=" " ind2=" ">
    <subfield code="a">n  92016871 </subfield>
  </datafield>
  <datafield tag="040" ind1=" " ind2=" ">
    <subfield code="a">DLC</subfield>
    <subfield code="c">DLC</subfield>
    <subfield code="d">InU</subfield>
    <subfield code="d">DLC</subfield>
  </datafield>
  <datafield tag="100" ind1="1" ind2=" ">
    <subfield code="a">Beauvois, Daniel.</subfield>
    <subfield code="t">Lumières et société en Europe de l'Est.</subfield>
    <subfield code="l">Polish</subfield>
  </datafield>
  <datafield tag="400" ind1="1" ind2=" ">
    <subfield code="a">Beauvois, Daniel.</subfield>
    <subfield code="t">Szkolnictwo polskie na ziemiach litewsko-ruskich, 1803-1832</subfield>
  </datafield>
  <datafield tag="400" ind1="1" ind2=" ">
    <subfield code="a">Beauvois, Daniel.</subfield>
    <subfield code="t">Wilno-polska stolica kulturalna zaboru rosyjskiego 1803-1832</subfield>
  </datafield>
  <datafield tag="670" ind1=" " ind2=" ">
    <subfield code="a">His Szkolnictwo polskie na ziemiach litewsko-ruskich, 1803-1832, 1991.</subfield>
  </datafield>
  <datafield tag="670" ind1=" " ind2=" ">
    <subfield code="a">Wilno-polska stolica kulturalna zaboru rosyjskiego 1803-1832, 2010.</subfield>
  </datafield>
</record>